@Manual{R-AER,
  title = {AER: Applied Econometrics with R},
  author = {Christian Kleiber and Achim Zeileis},
  year = {2022},
  note = {R package version 1.2-10},
  url = {https://CRAN.R-project.org/package=AER},
}

@Manual{R-easystats,
  title = {easystats: Framework for Easy Statistical Modeling, Visualization, and
Reporting},
  author = {Daniel Lüdecke and Dominique Makowski and Mattan S. Ben-Shachar and Indrajeet Patil and Brenton M. Wiernik and Etienne Bacher and Rémi Thériault},
  year = {2023},
  note = {R package version 0.6.0.9},
  url = {https://easystats.github.io/easystats/},
}

@Manual{R-ggplot2,
  title = {ggplot2: Create Elegant Data Visualisations Using the Grammar of Graphics},
  author = {Hadley Wickham and Winston Chang and Lionel Henry and Thomas Lin Pedersen and Kohske Takahashi and Claus Wilke and Kara Woo and Hiroaki Yutani and Dewey Dunnington},
  year = {2023},
  note = {R package version 3.4.2},
  url = {https://CRAN.R-project.org/package=ggplot2},
}

@Manual{R-quarto,
  title = {quarto: R Interface to Quarto Markdown Publishing System},
  author = {JJ Allaire},
  year = {2022},
  note = {R package version 1.2},
  url = {https://github.com/quarto-dev/quarto-r},
}

@Book{AER2008,
  title = {Applied Econometrics with {R}},
  author = {Christian Kleiber and Achim Zeileis},
  year = {2008},
  publisher = {Springer-Verlag},
  address = {New York},
  note = {{ISBN} 978-0-387-77316-2},
  url = {https://CRAN.R-project.org/package=AER},
}

@Article{easystats2022,
  title = {easystats: Framework for Easy Statistical Modeling, Visualization, and Reporting},
  author = {Daniel Lüdecke and Mattan S. Ben-Shachar and Indrajeet Patil and Brenton M. Wiernik and Etienne Bacher and Rémi Thériault and Dominique Makowski},
  journal = {CRAN},
  year = {2022},
  note = {R package},
  url = {https://easystats.github.io/easystats/},
}

@Book{ggplot22016,
  author = {Hadley Wickham},
  title = {ggplot2: Elegant Graphics for Data Analysis},
  publisher = {Springer-Verlag New York},
  year = {2016},
  isbn = {978-3-319-24277-4},
  url = {https://ggplot2.tidyverse.org},
}

